<?xml version='1.0' encoding='UTF-8'?>
<record xmlns="http://www.loc.gov/MARC21/slim">
  <leader>00714cam a2200193   4500</leader>
  <controlfield tag="001">2774088</controlfield>
  <controlfield tag="003">NjP</controlfield>
  <controlfield tag="005">20171013174747.0</controlfield>
  <controlfield tag="008">990404s1934    sy ac         000 0 araod</controlfield>
  <datafield tag="024" ind1="7" ind2=" ">
    <subfield code="a">princeton_aco001970</subfield>
    <subfield code="2">local</subfield>
  </datafield>
  <datafield ind1=" " ind2=" " tag="035">
    <subfield code="a">(OCoLC)ocm41100228</subfield>
  </datafield>
  <datafield ind1=" " ind2=" " tag="035">
    <subfield code="9">CNH1519TS</subfield>
  </datafield>
  <datafield ind1=" " ind2=" " tag="040">
    <subfield code="a">CGU</subfield>
    <subfield code="c">CGU</subfield>
    <subfield code="d">PUL</subfield>
  </datafield>
  <datafield ind1="1" ind2=" " tag="100">
    <subfield code="a">Rayyis, Najīb.</subfield>
  </datafield>
  <datafield ind1="1" ind2="0" tag="245">
    <subfield code="a">Niḍāl / bi-qalam Najīb al-Rayis; muqaddimat al-kitāb bi-qlam Fāris Bik al-Khūrī .</subfield>
  </datafield>
  <datafield ind1=" " ind2=" " tag="260">
    <subfield code="a">Dimashq :</subfield>
    <subfield code="b">Maṭbaʻat al-Qabas,</subfield>
    <subfield code="c">1934.</subfield>
  </datafield>
  <datafield ind1=" " ind2=" " tag="300">
    <subfield code="a">3, 208 p.</subfield>
    <subfield code="b">ports.</subfield>
    <subfield code="c">24 cm.</subfield>
  </datafield>
  <datafield ind1=" " ind2="0" tag="651">
    <subfield code="a">Arab countries</subfield>
    <subfield code="x">Politics and government.</subfield>
    <subfield code="0">http://id.loc.gov/authorities/subjects/sh85006285</subfield>
  </datafield>
  <datafield ind1=" " ind2=" " tag="945">
    <subfield code="a">F</subfield>
    <subfield code="b">1</subfield>
    <subfield code="c">2274.3636.367</subfield>
  </datafield>
  <datafield ind1=" " ind2=" " tag="911">
    <subfield code="a">20000130</subfield>
  </datafield>
  <datafield ind1="0" ind2="0" tag="852">
    <subfield code="0">3084947</subfield>
    <subfield code="b">nec</subfield>
    <subfield code="t">1</subfield>
    <subfield code="h">JQ1850.A58</subfield>
    <subfield code="i">R399 1934</subfield>
  </datafield>
  <datafield ind1=" " ind2=" " tag="959">
    <subfield code="a">2009-07-01 14:32:56 -0400</subfield>
  </datafield>
</record>
